<record><leader>00000cas a22000007a 4500</leader><controlfield tag="001">9421170</controlfield><controlfield tag="008">830418d19781984utuwr ne      0   a0eng d</controlfield><datafield ind1=" " ind2=" " tag="010"><subfield code="a">sn 83007472 </subfield></datafield><datafield ind1=" " ind2=" " tag="040"><subfield code="a">NSD</subfield><subfield code="b">eng</subfield><subfield code="c">NSD</subfield><subfield code="d">UNP</subfield><subfield code="d">UBY</subfield><subfield code="d">OCLCQ</subfield><subfield code="d">OCLCF</subfield><subfield code="d">OCLCO</subfield></datafield><datafield ind1=" " ind2=" " tag="012"><subfield code="m">1</subfield></datafield><datafield ind1="1" ind2=" " tag="022"><subfield code="a">0745-7359</subfield><subfield code="l">0745-7359</subfield><subfield code="2">1</subfield></datafield><datafield ind1="1" ind2=" " tag="029"><subfield code="a">AU@</subfield><subfield code="b">000025797364</subfield></datafield><datafield ind1=" " ind2=" " tag="032"><subfield code="a">673000</subfield><subfield code="b">USPS</subfield></datafield><datafield ind1=" " ind2=" " tag="037"><subfield code="b">Clipper Publishing Company, 197 N. Main, Layton, Utah 84041</subfield></datafield><datafield ind1=" " ind2=" " tag="042"><subfield code="a">nsdp</subfield></datafield><datafield ind1=" " ind2="0" tag="222"><subfield code="a">Kaysville weekly reflex</subfield></datafield><datafield ind1="0" ind2="0" tag="245"><subfield code="a">Kaysville weekly reflex.</subfield></datafield><datafield ind1="1" ind2="7" tag="246"><subfield code="a">Weekly reflex-Davis news journal</subfield></datafield><datafield ind1=" " ind2=" " tag="260"><subfield code="a">Layton, Utah :</subfield><subfield code="b">Clipper Pub. Co.,</subfield><subfield code="c">1978-1984.</subfield></datafield><datafield ind1=" " ind2=" " tag="300"><subfield code="a">7 v. :</subfield><subfield code="b">ill.</subfield></datafield><datafield ind1=" " ind2=" " tag="310"><subfield code="a">Weekly</subfield></datafield><datafield ind1="0" ind2=" " tag="362"><subfield code="a">Vol. 80, no. 29 (Oct. 5, 1978)-v. 80, no. 36 (Nov. 23 ,1978); vol. 49, no. 29 (Nov. 30, 1978)-v. 52, no. 32 (Oct. 15, 1981); vol. 76, no. 33 (Oct. 22, 1981)-v.79, no. 2 (Apr. 25, 1984).</subfield></datafield><datafield ind1=" " ind2=" " tag="500"><subfield code="a">Printed in Bountiful, Utah (for distribution in Kaysville) at office of: Davis County clipper.</subfield></datafield><datafield ind1=" " ind2=" " tag="525"><subfield code="a">Many issues include supplements.</subfield></datafield><datafield ind1=" " ind2=" " tag="580"><subfield code="a">Merged with: Davis news journal, to form: Davis reflex-journal.</subfield></datafield><datafield ind1=" " ind2="0" tag="651"><subfield code="a">Kaysville (Utah)</subfield><subfield code="v">Newspapers.</subfield></datafield><datafield ind1=" " ind2="0" tag="651"><subfield code="a">Davis County (Utah)</subfield><subfield code="v">Newspapers.</subfield></datafield><datafield ind1=" " ind2="7" tag="655"><subfield code="a">Newspapers.</subfield><subfield code="2">fast</subfield><subfield code="0">(OCoLC)fst01423814</subfield></datafield><datafield ind1=" " ind2="7" tag="651"><subfield code="a">Utah</subfield><subfield code="z">Davis County.</subfield><subfield code="2">fast</subfield><subfield code="0">(OCoLC)fst01218126</subfield></datafield><datafield ind1=" " ind2="7" tag="651"><subfield code="a">Utah</subfield><subfield code="z">Kaysville.</subfield><subfield code="2">fast</subfield><subfield code="0">(OCoLC)fst01232385</subfield></datafield><datafield ind1=" " ind2=" " tag="752"><subfield code="a">United States</subfield><subfield code="b">Utah</subfield><subfield code="c">Davis</subfield><subfield code="d">Kaysville.</subfield></datafield><datafield ind1=" " ind2=" " tag="752"><subfield code="a">United States</subfield><subfield code="b">Utah</subfield><subfield code="c">Davis</subfield><subfield code="d">Layton.</subfield></datafield><datafield ind1=" " ind2=" " tag="752"><subfield code="a">United States</subfield><subfield code="b">Utah</subfield><subfield code="c">Davis</subfield><subfield code="d">Bountiful.</subfield></datafield><datafield ind1="0" ind2="0" tag="780"><subfield code="t">Weekly reflex (Kaysville, Utah)</subfield><subfield code="w">(DLC)sn 85058154</subfield><subfield code="w">(OCoLC)12198682</subfield></datafield><datafield ind1="1" ind2="7" tag="785"><subfield code="t">Davis news journal</subfield><subfield code="w">(DLC)sn 85058096</subfield><subfield code="w">(OCoLC)11875591</subfield></datafield><datafield ind1="1" ind2="7" tag="785"><subfield code="t">Davis reflex-journal</subfield><subfield code="w">(DLC)sn 85058148</subfield><subfield code="w">(OCoLC)12099385</subfield></datafield><datafield ind1="1" ind2=" " tag="787"><subfield code="t">Davis County clipper</subfield><subfield code="w">(DLC)sn 85058089</subfield><subfield code="w">(OCoLC)11930754</subfield></datafield><datafield ind1=" " ind2=" " tag="936"><subfield code="a">Apr. 6, 1983</subfield></datafield></record>